@inproceedings{coates,
  author = 	 {Adam Coates and Honglak Lee and Andrew Y. Ng},
  title = 	 {An Analysis of Single-Layer Networks
in Unsupervised Feature Learning},
  booktitle =	 {Proceedings of the 14th International Conference
on Artificial Intelligence and Statistics (AISTATS)},
  year =	 {2011}
}

@misc{cs231n,
author = {Andrej Karpathy},
title = {Convolutional Neural Networks for Visual Recognition},
year = {2017},
URL = {http://cs231n.github.io/convolutional-networks}
}

@misc{kernel,
author = {chattob},
title = {Cervix Segmentation (GMM)},
year = {2017},
URL = {https://www.kaggle.com/chattob/intel-mobileodt-cervical-cancer-screening/cervix-segmentation-gmm}
}

@article{autodetect,
author = {Hayit Greenspan, et. al.},
title = {Automatic Detection of Anatomical Landmarks in Uterine Cervix Images},
journal = {IEEE Transactions on Medical Imaging},
year = {2009}
}

@article{bag,
author = {Chih-Fong Tsai},
title = {Bag-of-Words Representation in Image Annotation: A Review},
journal = {International Scholarly Research Network},
year = {2012}
}

@article{drop,
author = {Nitish Srivastava, et. al.},
title = {Dropout: A Simple Way to Prevent Neural Networks from Overfitting},
journal = {Journal of Machine Learning Research},
year = {2014}
}

@misc{kaggle,
author = {Intel},
title = {Intel \& MobileODT Cervical Cancer Screening},
year = {2017},
URL = {https://www.kaggle.com/c/intel-mobileodt-cervical-cancer-screening}
}

@misc{ioffe,
author = {Sergey Ioffe, Christian Szegedy},
title = {Batch Normalization: Accelerating Deep Network Training by Reducing Internal Covariate Shift},
year = {2015}
}

@article{vgg16,
author = {Karen Simonyan, et. ak.},
titke = {Very Deep Convolutional Networks for Large-Scale Image Recognition},
journal = {ICLR 2015},
year = {2014}
}